%% Created using Papers on Mon, 15 Aug 2016.
%% http://papersapp.com/papers/

@article{Lita:08,
author = {Lita, Adriana E and Miller, Aaron J and Nam, Sae Woo},
title = {{Counting near-infrared single-photons with 95% efficiency}},
journal = {Opt. Express},
year = {2008},
volume = {16},
number = {5},
pages = {3032--3040},
month = mar
}

@article{2014JOSAB..31B..20L,
author = {Levine, Zachary H and Glebov, Boris L and Migdall, Alan L and Gerrits, Thomas and Calkins, Brice and Lita, Adriana E and Nam, Sae Woo},
title = {{Photon-number uncertainty in a superconducting transition edge sensor beyond resolved-photon-number determination}},
journal = {Journal of the Optical Society of America B},
year = {2014},
volume = {31},
number = {10},
pages = {20--B24},
month = oct
}

@article{SaeWooNam:1999hz,
author = {Sae Woo Nam and Cabrera, B and Colling, P and Clarke, R M and Figueroa-Feficiano, E and Miller, A J and Romani, R W},
title = {{A new biasing technique for transition edge sensors with electrothermal feedback}},
journal = {IEEE Transactions on Appiled Superconductivity},
year = {1999},
volume = {9},
number = {2},
pages = {4209--4212},
month = jun
}

